<record><leader>00000cas a22000007a 4500</leader><controlfield tag="001">10195776</controlfield><controlfield tag="008">831207c19uu9999oruwr ne      0   a0eng d</controlfield><datafield ind1=" " ind2=" " tag="010"><subfield code="a">sn 83005350 </subfield></datafield><datafield ind1=" " ind2=" " tag="040"><subfield code="a">NSD</subfield><subfield code="b">eng</subfield><subfield code="c">NSD</subfield><subfield code="d">OCL</subfield><subfield code="d">OCLCQ</subfield></datafield><datafield ind1=" " ind2=" " tag="012"><subfield code="m">d</subfield></datafield><datafield ind1="1" ind2=" " tag="022"><subfield code="a">0746-6404</subfield><subfield code="l">0746-6404</subfield><subfield code="2">1</subfield></datafield><datafield ind1=" " ind2=" " tag="032"><subfield code="a">661510</subfield><subfield code="b">USPS</subfield></datafield><datafield ind1=" " ind2=" " tag="037"><subfield code="b">Oregonian Pub. Co., 1320 S.W. Broadway, Portland, OR 97201</subfield></datafield><datafield ind1=" " ind2=" " tag="042"><subfield code="a">nsdp</subfield></datafield><datafield ind1=" " ind2="0" tag="222"><subfield code="a">Foodday update</subfield></datafield><datafield ind1="0" ind2="0" tag="245"><subfield code="a">Foodday update.</subfield></datafield><datafield ind1="3" ind2="0" tag="246"><subfield code="a">Food day update</subfield></datafield><datafield ind1=" " ind2=" " tag="260"><subfield code="a">[Portland, OR :</subfield><subfield code="b">Oregonian Pub. Co.]</subfield></datafield><datafield ind1=" " ind2=" " tag="310"><subfield code="a">Weekly</subfield></datafield><datafield ind1=" " ind2=" " tag="588"><subfield code="a">Description based on: Issue no. 117 (Nov. 25, 1983.</subfield></datafield><datafield ind1=" " ind2=" " tag="752"><subfield code="a">United States</subfield><subfield code="b">Oregan</subfield><subfield code="c">Multnomah</subfield><subfield code="d">Portland.</subfield></datafield><datafield ind1="0" ind2="0" tag="780"><subfield code="t">Fooday</subfield></datafield><datafield ind1=" " ind2=" " tag="936"><subfield code="a">Nov. 25, 1983</subfield></datafield></record>